@misc{monzo_1998,
    title={Harmonic Lattice Diagrams},
    author={Monzo, Joe},
    note={\url{http://tonalsoft.com/monzo/lattices/lattices.htm}},
    year={1998},
    urldate={2020-11-17}
}

@misc{monzo_2005,
    title={Monzo / Exponent Vector / Prime-exponent Vector},
    author={Monzo, Joe},
    note={\url{http://tonalsoft.com/monzo/lattices/lattices.htm}},
    year={2005},
    urldate={2020-11-17}
}

@misc{xen_rank,
    title={Rank and codimension},
    author={\relax{Xenharmonic Wiki}},
    year={2018},
    note={\url{https://en.xen.wiki/w/Rank_and_codimension}},
    urldate={2020-11-17}
}

@misc{viner_bio,
    title={Darrell Viner: Early Work},
    author={\relax{Henry Moore Institute}},
    year={2011},
    note={\url{https://www.henry-moore.org/whats-on/2011/07/27/darrell-viner-early-work}},
    urldate={2020-11-17}
}
